@article{durante2016nonparametric,
  title={Nonparametric {B}ayes modeling of populations of networks},
    author={Durante, Daniele and Dunson, David B and Vogelstein, Joshua T},
      journal={Journal of the American Statistical Association},
        number={just-accepted},
	  year={2016},
	    publisher={Taylor \& Francis}
	    }

@article{hoff2002latent,
  title={Latent space approaches to social network analysis},
    author={Hoff, Peter D and Raftery, Adrian E and Handcock, Mark S},
      journal={Journal of the American Statistical Association},
        volume={97},
	  number={460},
	    pages={1090--1098},
	      year={2002},
	        publisher={Taylor \& Francis}
		}

@inproceedings{hoff2008modeling,
  title={Modeling homophily and stochastic equivalence in symmetric relational data},
    author={Hoff, Peter},
      booktitle={Advances in Neural Information Processing Systems},
        pages={657--664},
	  year={2008}
	  }

@article{erdos1959random,
  title={On random graphs},
    author={Erd{\"o}s, Paul and R{\'e}nyi, Alfr{\'e}d},
      journal={Publicationes Mathematicae (Debrecen)},
        volume={6},
	  pages={290--297},
	    year={1959}
	    }

@article{watts1998collective,
  title={Collective dynamics of 'small-world' networks},
    author={Watts, Duncan J and Strogatz, Steven H},
      journal={Nature},
        volume={393},
	  number={6684},
	    pages={440--442},
	      year={1998},
	        publisher={Nature Publishing Group}
		}

@article{barabasi1999emergence,
  title={Emergence of scaling in random networks},
    author={Barab{\'a}si, Albert-L{\'a}szl{\'o} and Albert, R{\'e}ka},
      journal={Science},
        volume={286},
	  number={5439},
	    pages={509--512},
	      year={1999},
	        publisher={American Association for the Advancement of Science}
		}

@article{nowicki2001estimation,
  title={Estimation and prediction for stochastic block structures},
    author={Nowicki, Krzysztof and Snijders, Tom A B},
      journal={Journal of the American Statistical Association},
        volume={96},
	  number={455},
	    pages={1077--1087},
	      year={2001},
	        publisher={Taylor \& Francis}
		}

@article{airoldi2008mixed,
  title={Mixed membership stochastic blockmodels},
    author={Airoldi, Edoardo M and Blei, David M and Fienberg, Stephen E and Xing, Eric P},
      journal={Journal of Machine Learning Research},
        volume={9},
	  number={Sep},
	    pages={1981--2014},
	      year={2008}
	      }

@inproceedings{griffiths2005infinite,
  title={Infinite latent feature models and the {I}ndian buffet process},
    author={Griffiths, Thomas L and Ghahramani, Zoubin},
      booktitle={Advances in Neural Information Processing Systems},
        volume={18},
	  pages={475--482},
	    year={2005}
	    }


