@article{durante2016nonparametric,
  title={Nonparametric {B}ayes modeling of populations of networks},
    author={Durante, Daniele and Dunson, David B and Vogelstein, Joshua T},
      journal={Journal of the American Statistical Association},
        number={just-accepted},
	  year={2016},
	    publisher={Taylor \& Francis}
	    }

@article{hoff2002latent,
  title={Latent space approaches to social network analysis},
    author={Hoff, Peter D and Raftery, Adrian E and Handcock, Mark S},
      journal={Journal of the American Statistical Association},
        volume={97},
	  number={460},
	    pages={1090--1098},
	      year={2002},
	        publisher={Taylor \& Francis}
		}

@inproceedings{hoff2008modeling,
  title={Modeling homophily and stochastic equivalence in symmetric relational data},
    author={Hoff, Peter},
      booktitle={Advances in Neural Information Processing Systems},
        pages={657--664},
	  year={2008}
	  }

@article{erdos1959random,
  title={On random graphs},
    author={Erd{\"o}s, Paul and R{\'e}nyi, Alfr{\'e}d},
      journal={Publicationes Mathematicae (Debrecen)},
        volume={6},
	  pages={290--297},
	    year={1959}
	    }

@article{watts1998collective,
  title={Collective dynamics of `small-world' networks},
    author={Watts, Duncan J and Strogatz, Steven H},
      journal={Nature},
        volume={393},
	  number={6684},
	    pages={440--442},
	      year={1998},
	        publisher={Nature Publishing Group}
		}

@article{barabasi1999emergence,
  title={Emergence of scaling in random networks},
    author={Barab{\'a}si, Albert-L{\'a}szl{\'o} and Albert, R{\'e}ka},
      journal={Science},
        volume={286},
	  number={5439},
	    pages={509--512},
	      year={1999},
	        publisher={American Association for the Advancement of Science}
		}

@article{nowicki2001estimation,
  title={Estimation and prediction for stochastic block structures},
    author={Nowicki, Krzysztof and Snijders, Tom A B},
      journal={Journal of the American Statistical Association},
        volume={96},
	  number={455},
	    pages={1077--1087},
	      year={2001},
	        publisher={Taylor \& Francis}
		}

@article{airoldi2008mixed,
  title={Mixed membership stochastic blockmodels},
    author={Airoldi, Edoardo M and Blei, David M and Fienberg, Stephen E and Xing, Eric P},
      journal={Journal of Machine Learning Research},
        volume={9},
	  number={Sep},
	    pages={1981--2014},
	      year={2008}
	      }

@inproceedings{griffiths2005infinite,
  title={Infinite latent feature models and the {I}ndian buffet process},
    author={Griffiths, Thomas L and Ghahramani, Zoubin},
      booktitle={Advances in Neural Information Processing Systems},
        volume={18},
	  pages={475--482},
	    year={2005}
	    }

@inproceedings{ghahramani1995factorial,
  title={Factorial learning and the {EM} algorithm},
    author={Ghahramani, Zoubin},
      booktitle={Advances in Neural Information Processing Systems},
        pages={617--624},
	  year={1995}
	    }

@inproceedings{ghahramani1996factorial,
  title={Factorial hidden {M}arkov models},
    author={Ghahramani, Zoubin and Jordan, Michael I},
      booktitle={Advances in Neural Information Processing Systems},
        pages={472--478},
	  year={1996}
	  }

@article{blei2003latent,
  title={Latent {D}irichlet allocation},
    author={Blei, David M and Ng, Andrew Y and Jordan, Michael I},
      journal={Journal of Machine Learning Research},
        volume={3},
	  number={Jan},
	    pages={993--1022},
	      year={2003}
	      }

@article{meeds2007modeling,
  title={Modeling dyadic data with binary latent factors},
    author={Meeds, Edward and Ghahramani, Zoubin and Neal, Radford M and Roweis, Sam T},
      journal={Advances in Neural Information Processing Systems},
        volume={19},
	  pages={977},
	    year={2007},
	      }

@article{ghahramani2007bayesian,
  title={Bayesian nonparametric latent feature models},
    author={Ghahramani, Zoubin and Griffiths, Thomas L and Sollich, Peter},
      year={2007},
        publisher={Oxford University Press}
	}

@inproceedings{linderman2014discovering,
  title={Discovering latent network structure in point process data},
    author={Linderman, Scott and Adams, Ryan},
      booktitle={International Conference on Machine Learning},
        pages={1413--1421},
	  year={2014}
	  }

@inproceedings{linderman2016bayesian,
  title={Bayesian latent structure discovery from multi-neuron recordings},
    author={Linderman, Scott and Adams, Ryan P and Pillow, Jonathan W},
      booktitle={Advances in Neural Information Processing Systems},
        pages={2002--2010},
	  year={2016}
	  }

@article{bassett2011dynamic,
  title={Dynamic reconfiguration of human brain networks during learning},
    author={Bassett, Danielle S and Wymbs, Nicholas F and Porter, Mason A and Mucha, Peter J and Carlson, Jean M and Grafton, Scott T},
      journal={Proceedings of the National Academy of Sciences},
        volume={108},
	  number={18},
	    pages={7641--7646},
	      year={2011},
	        publisher={National Academy of Sciences}
		}

@inproceedings{blei2006dynamic,
  title={Dynamic topic models},
    author={Blei, David M and Lafferty, John D},
      booktitle={Proceedings of the 23rd Iternational Conference on Machine Learning},
        pages={113--120},
	  year={2006},
	    organization={ACM}
	    }

@inproceedings{linderman2014framework,
  title={A framework for studying synaptic plasticity with neural spike train data},
    author={Linderman, Scott and Stock, Christopher H and Adams, Ryan P},
      booktitle={Advances in Neural Information Processing Systems},
        pages={2330--2338},
	  year={2014}
	  }

@article{blei2017variational,
    Author = {Blei, D. and Kucukelbir, A. and McAuliffe, J.},
        Journal = {Journal of American Statistical Association},
	    Number = {518},
	        Pages = {859--877},
		    Title = {Variational Inference: {A} Review for Statisticians},
		        Volume = {112},
			    Year = {2017}}

@article{jordan1999introduction,
  title={An introduction to variational methods for graphical models},
    author={Jordan, Michael I and Ghahramani, Zoubin and Jaakkola, Tommi S and Saul, Lawrence K},
      journal={Machine learning},
        volume={37},
	  number={2},
	    pages={183--233},
	      year={1999},
	        publisher={Springer}
		}

@inproceedings{miller2009nonparametric,
  title={Nonparametric latent feature models for link prediction},
    author={Miller, Kurt and Jordan, Michael I and Griffiths, Thomas L},
      booktitle={Advances in Neural Information Processing Systems},
        pages={1276--1284},
	  year={2009}
	  }